@article{tamislemonda2017power,
	title = {Power in methods: Language to infants in structured and naturalistic contexts},
	author = {Tamis-LeMonda, Catherine S. and Kuchirko, Y. and Luo, R. and Escobar, K. and Bornstein, M.},
	journal = {Developmental Science},
	volume = {20},
	issue = {6},
	year = {2017},
	pages = {XX--XX},
	doi = {doi.org/10.1111/desc.12456}
}
@article{huttenlocher2010sources,
  title={Sources of variability in children's language growth},
  author={Huttenlocher, J. and Waterfall, H. and Vasilyeva, M. and Vevea, J. and Hedges, L. V.},
  journal={Cognitive Psychology},
  volume={61},
  year={2010},
  pages={343--365}
}
@article{oshimatakane2003linguistic,
	title={Linguistic environment of secondborn children},
	author={Oshima-Takane, Y. and Robbins, M.},
	Journal={First Language},
	volume={23},
	year={2003},
	pages={21--40}
}
@article{oshimatakane1996birth,
	title={Birth order effects on early language development: {D}o secondborn children learn from overheard speech?},
	author={Oshima-Takane, Y. and Goodz, E. and Derevensky, J. L.},
	Journal={Child Development},
	volume={67},
	year={1996},
	pages={621--634} 
}
@article{rowe2012longitudinal,
  title={A longitudinal investigation of the role of quantity and quality of child-directed speech in vocabulary development},
  author={Rowe, Meredith L.},
  journal={Child Development},
  volume={83},
  number={5},
  pages={1762--1774},
  year={2012},
  publisher={Wiley Online Library}
}   
@article{rowe2008child,
  title={Child-directed speech: relation to socioeconomic status, knowledge of child development and child vocabulary skill},
  author={Rowe, Meredith L.},
  journal={Journal of Child Language},
  volume={35},
  number={1},
  pages={185--205},
  year={2008},
  publisher={Cambridge University Press}
}
@article{weisleder2013talking,
  title={Talking to children matters: Early language experience strengthens processing and builds vocabulary},
  author={Weisleder, Adriana and Fernald, Anne},
  journal={Psychological Science},
  volume={24},
  number={11},
  pages={2143--2152},
  year={2013},
  publisher={Sage Publications}
}
@article{fernald2013ses,
  title={{SES} differences in language processing skill and vocabulary are evident at 18 months},
  author={Fernald, Anne and Marchman, Virginia A. and Weisleder, Adriana},
  journal={Developmental Science},
  volume={16},
  number={2},
  pages={234--248},
  year={2013},
  publisher={Wiley Online Library}
}
@article{laing2018mothers,
  title={Mothers' work status and 17-month-olds' productive vocabulary},
  author={Catherine Laing and Elika Bergelson},
  journal={Infancy},
  volume={XX},
  pages={XX--XX},
  year={2018},
  publisher={Wiley Online Library}
}
@article{bergelsoncasillas2018what,
	author={Bergelson, Elika and Casillas, Marisa and Soderstrom, Melanie and Seidl, Amanda and Warlaumont, Anne S. and Amatuni, Andrei},
	title={What do North American babies hear? A large-scale cross-corpus analysis},
  journal={Developmental Science},
  year={2018},
  volume={XX},
  pages={XX--XX},
}
@article{bergelson2018day,
	author={Bergelson, Elika and Amatuni, Andrei and Dailey, Shannon and Koorathota, Sharath and Tor, Shaelise},
	title={Day by Day, Hour by Hour: Naturalistic Language Input to Infants},
  journal={Developmental Science},
  year={2018},
  volume={XX},
  pages={XX--XX},
}
@inproceedings{laing2017more,
  author={Catherine Laing and Elika Bergelson},
  title={More Siblings Means Lower Input Quality in Early Language Development},
  year={2017},
  editor={Glenn Gunzelmann and Andrew Howes and Thora Tenbrink and Eddy Davelaar},
  booktitle={Proceedings of the 39th Annual Meeting of the Cognitive Science Society},
  location={London, UK},
  pages={711},
}
@article{,
  journal={Proceedings of the 39th Annual Conference of the Cognitive Science Society}
}
@article{cartmill2013quality,
  title={Quality of early parent input predicts child vocabulary 3 years later},
  author={Cartmill, Erica A and Armstrong, Benjamin F and Gleitman, Lila R and Goldin-Meadow, Susan and Medina, Tamara N and Trueswell, John C},
  journal={Proceedings of the National Academy of Sciences},
  volume={110},
  number={28},
  pages={11278--11283},
  year={2013},
  publisher={National Academy of Sciences}
}
@article{soderstrom2013when,
	title={When do caregivers talk? The influences of activity and time of day on caregiver speech and child vocalizations in two childcare environments},
	author={Soderstrom, Melanie and Wittebolle, Kelsey},
	journal={PloS One},
	volume={8},
	year={2013},
	pages={e80646}
}
@article{soderstrom2007beyond,
  title={Beyond babytalk: Re-evaluating the nature and content of speech input to preverbal infants},
  author={Soderstrom, Melanie},
  journal={Developmental Review},
  volume={27},
  number={4},
  pages={501--532},
  year={2007},
  publisher={Elsevier}
}
@article{cristia2013input,
  title={Input to language: The phonetics and perception of infant-directed speech},
  author={Alejandrina Cristia},
  journal={Language and Linguistics Compass},
  volume={7},
  number={3},
  pages={157--170},
  year={2013},
  doi={10.1111/lnc3.12015}
}
@article{golinkoff2015baby,
  title={({B}aby) talk to me: The social context of infant-directed speech and its effects on early language acquisition},
  author={Golinkoff, Roberta Michnick and Can, Dilara Deniz and Soderstrom, Melanie and Hirsh-Pasek, Kathy},
  journal={Current Directions in Psychological Science},
  volume={24},
  number={5},
  pages={339--344},
  year={2015},
  publisher={Los Angeles, CA: SAGE Publications}
}
@article{huttenlocher2007varieties,
  title={The varieties of speech to young children},
  author={Huttenlocher, Janellen and Vasilyeva, Marina and Waterfall, Heidi R. and Vevea, Jack L. and Hedges, Larry V.},
  journal={Developmental Psychology},
  volume={43},
  number={5},
  pages={1062--1083},
  year={2007},
  publisher={American Psychological Association}
}
@book{hart1995meaningful,
  title={Meaningful {D}ifferences in the {E}veryday {E}xperience of {Y}oung {A}merican {C}hildren},
  author={Hart, Betty and Risley, Todd R},
  year={1995},
  publisher={Paul H. Brookes Publishing}
}
article{tulkin1972mother,
  title={Mother-child interaction in the first year of life},
  author={Tulkin, Steven R and Kagan, Jerome},
  journal={Child Development},
  pages={31--41},
  year={1972},
  publisher={JSTOR}
}
@article{bornstein2010parenting,
  title={Parenting knowledge: experiential and sociodemographic factors in {E}uropean {A}merican mothers of young children},
  author={Bornstein, Marc H. and Cote, Linda R. and Haynes, O. Maurice and Hahn, Chun-Shin and Park, Yoonjung},
  journal={Developmental Psychology},
  volume={46},
  number={6},
  pages={1677},
  year={2010},
  publisher={American Psychological Association}
}
@article{sherrod1977maternal,
  title={Maternal language to prelinguistic infants: Syntactic aspects},
  author={Sherrod, Kathryn B and Friedman, Steven and Crawley, Susan and Drake, Daniel and Devieux, Jessy},
  journal={Child Development},
  pages={1662--1665},
  year={1977},
  publisher={JSTOR}
}
@article{hoff2006social,
  title={How social contexts support and shape language development},
  author={Hoff, Erika},
  journal={Developmental Review},
  volume={26},
  number={1},
  pages={55--88},
  year={2006},
  publisher={Elsevier}
}
@article{ramirezesparza2017look,
  title={Look who's talking {NOW}! {Parentese} speech, social context, and language development across time},
  author={Ram\'{i}rez-Esparza, Nair\'{a}n and Garc\'{i}a-Sierra, Adri\'{a}n and Kuhl, Patricia K.},
  journal={Frontiers in Psychology},
  volume={8},
  pages={1008},
  year={2017}
}
@article{ramirezesparza2014look,
  title={Look who's talking: speech style and social context in language input to infants are linked to concurrent and future speech development},
  author={Ram\'{i}rez-Esparza, Nair\'{a}n and Garc\'{i}a-Sierra, Adri\'{a}n and Kuhl, Patricia K.},
  journal={Developmental Science},
  volume={17},
  pages={880-891},
  year={2014}
}
@article{foushee2016lexical,
  title={Lexical complexity of child-directed and overheard speech: Implications for learning},
  author={Foushee, Ruthe and Griffiths, Thomas L. and Srinivasan, Mahesh},
  year={2016},
  journal={Proceedings of the 38th Annual Conference of the Cognitive Science Society}}
}
@article{akhtar2001learning,
  title={Learning words through overhearing},
  author={Akhtar, Nameera and Jipson, Jennifer and Callanan, Maureen A.},
  journal={Child Development},
  volume={72},
  number={2},
  pages={416--430},
  year={2001},
  publisher={Wiley Online Library}
}
@article{hirshpasek2015contribution,
  author={Kathy Hirsh-Pasek and Lauren B. Adamson and Roger Bakeman and Margaret Tresch Owen and Roberta Michnick Golinkoff and Amy Pace and Paula K. S. Yust and Katharine Suma},
  title={The Contribution of Early Communication Quality to Low-Income Childrenâ€™s Language Success},
  journal={Psychological Science},
  volume={26},
  number={7},
  pages={1071--1083},
  year={2015},
  doi={10.1177/0956797615581493}
}
@article{hurtado2008input,
  title={Does input influence uptake? Links between maternal talk, processing speed, and vocabulary size in Spanish-learning children},
  author={Hurtado, Nereyda and Marchman, Virginia A. and Fernald, Anne},
  journal={Developmental Science},
  volume={11},
  number={6},
  year={2008},
  publisher={Wiley Online Library}
}
@incollection{hoff2003causes,
  title={Causes and consequences of SES-related differences in parent-to-child speech},
  author={Hoff, Erika},
  year={2003},
  publisher={Mahwah, NJ, US: Lawrence Erlbaum Associates Publishers},
  editor={M. H. Bornstein and R. H. Bradley},
  booktitle={Monographs in parenting series. Socioeconomic status, parenting, and child development},
  pages={147--160}
}
@article{zimmerman2009teaching,
  title={Teaching by listening: The importance of adult-child conversations to language development},
  author={Zimmerman, Frederick J and Gilkerson, Jill and Richards, Jeffrey A and Christakis, Dimitri A and Xu, Dongxin and Gray, Sharmistha and Yapanel, Umit},
  journal={Pediatrics},
  volume={124},
  number={1},
  pages={342--349},
  year={2009},
  publisher={American Academy of Pediatrics}
}
@article{cooper1990preference,
  title={Preference for infant-directed speech in the first month after birth},
  author={Cooper, Robin P. and Aslin, Richard N.},
  journal={Child Development},
  volume={20},
  number={4},
  pages={477--488},
  year={1990},
  doi={10.1016/S0163-6383(97)90037-0}
}
@article{segal2015infant,
  title={Infant preferences for structural and prosodic properties of infant-directed speech in the second year of life},
  author={Segal, J. and Newman, R. S.},
  journal={Infancy},
  volume={20},
  number={3},
  pages={339--351},
  year={2015},
  doi={10.1111/infa.12077}
}
@article{manybabies2017,
  title={Quantifying sources of variability in infancy research using the infant-directed speech preference},
  Author={{ManyBabies Collaborative}},
  journal={Advances in Methods and Practices in Psychological Science},
  volume={XX},
  number={},
  pages={XX--XX},
  year={2017},
  doi={10.31234/osf.io/s98ab}
}
@Book{bruner1985childs,
  author = {Jerome Bruner},
  title = {Child's Talk},
  publisher = {Oxford: Oxford University Press},
  year = {1985},
  isbn = {978-0393953459}
}
@MISC{casillas2017ACLEWDAS,
  author = {Casillas, Marisa and Bunce, John and Soderstrom, Melanie and Rosemberg, Celia and Migdalek, Maia and Alam, Florencia and Stein, Alejandra and Garrison, Hallie},
  title = {Introduction: The ACLEW DAS template [training materials]},
  year = {2017},
  url={https://osf.io/aknjv/}
}
@book{frankIPvariability,
  title={Variability and Consistency in Early Language Learning: The {W}ordbank Project},
  author={Frank, Michael C. and Braginsky, Mika and Marchman, Virginia A. and Yurovsky, Daniel},
  publisher={XX},
  year={in preparation},
  url={https://langcog.github.io/wordbank-book/}
}
@article{greenwood2011assessing,
  title={Assessing children's home language environments using automatic speech recognition technology},
  author={Greenwood, Charles R. and Thiemann-Bourque, Kathy and Walker, Dale and Buzhardt, Jay and Gilkerson,  Jill},
  journal={Communication Disorders Quarterly},
  volume={32},
  number={2},
  pages={83--92},
  year={2011},
  doi={10.1177/1525740110367826}
}
@article{hoff2003specificity,
  title={The specificity of environmental influence: Socioeconomic status affects early vocabulary development via maternal speech},
  author={Hoff, Erika},
  journal={Child Development},
  volume={74},
  number={5},
  pages={1368--1378},
  year={2003},
  publisher={Wiley Online Library}
}
@article{hoff2006social,
  title={How social contexts support and shape language development},
  author={Hoff, Erika},
  journal={Developmental Review},
  volume={26},
  number={1},
  pages={55--88},
  year={2006},
  publisher={Elsevier}
}
@article{hurtado2008does,
  title={Does input influence uptake? Links between maternal talk, processing speed and vocabulary size in Spanish-learning children},
  author={Hurtado, Nereyda and Marchman, Virginia A. and Fernald, Anne},
  journal={Developmental Science},
  volume={11},
  number={6},
  pages={F31--F39},
  doi={10.1111/j.1467-7687.2008.00768.x]},
  year={2008},
  publisher={Wiley Online Library}
}
@article{peterIPindividual,
  title={Individual differences in speed of language processing and its relationship with language development},
  author={Peter, Michelle and Durrant, Sam and Bidgood, Amy and Pine, Julian and Rowland, Caroline},
  journal={XX},
  number={XX},
  pages={XX--XX},
  year={in preparation}
}
@book{masataka2003onset,
  title={The Onset of Language},
  author={Masataka, Nobuo},
  year={2003},
  publisher={Cambridge University Press}
}
@incollection{butterworth2003pointing,
  title={Pointing is the royal road to language for babies},
  author={Butterworth, George},
  editor={Kita, Sotaro},
  booktitle={Pointing},
  pages={17--42},
  year={2003},
  publisher={Psychology Press}
}
@article{estigarribia2007getting,
  title={Getting and maintaining attention in talk to young children},
  author={Estigarribia, Bruno and Clark, Eve V},
  journal={Journal of child language},
  volume={34},
  number={4},
  pages={799--814},
  year={2007},
  publisher={Cambridge University Press}
}






@article{henrich2010beyond,
  title={Beyond {WEIRD}: Towards a broad-based behavioral science},
  author={Henrich, Joseph and Heine, Steven J. and Norenzayan, Ara},
  journal={Behavioral and Brain Sciences},
  volume={33},
  number={2--3},
  pages={111--135},
  year={2010},
  publisher={Cambridge University Press}
}
@phdthesis{shneidman2010language,
  title={Language input and acquisition in a {M}ayan village},
  author={Shneidman, Laura A.},
  school={The University of Chicago},
  year={2010}
}
@article{shneidman2012language,
  title={Language input and acquisition in a {M}ayan village: how important is directed speech?},
  author={Shneidman, Laura A. and Goldin-Meadow, Susan},
  journal={Developmental Science},
  volume={15},
  number={5},
  pages={659--673},
  year={2012},
  publisher={Wiley Online Library}
}
@article{henrich2010most,
  title={Most people are not {WEIRD}},
  author={Henrich, Joseph and Heine, Steven J and Norenzayan, Ara},
  journal={Nature},
  volume={466},
  number={7302},
  pages={29},
  year={2010},
  publisher={Nature Research}
}
@article{shneidman2012counts,
  title={What counts as effective input for word learning?},
  author={Shneidman, Laura A. and Arroyo, Michelle E. and Levine, Susan C. and Goldin-Meadow, Susan},
  journal={Journal of Child Language},
  volume={40},
  number={3},
  pages={672--686},
  year={2012},
  publisher={Cambridge University Press}
}
@article{cristia2017child,
  author={Cristia, Alejandrina and Dupoux, Emmanuel and Gurven, Michael and Stieglitz, Jonathan},
  title={Child-Directed Speech Is Infrequent in a Forager-Farmer Population: A Time Allocation Study},
  journal={Child Development},
  year={2017},
  issn= {1467-8624},
  doi={10.1111/cdev.12974},
  pages={XX--XX},
}
@incollection{brown2011cultural,
  title={The cultural organization of attention},
  author={Penelope Brown},
  editor={A. Duranti and E. Ochs and and B.B. Schieffelin},
  booktitle={Handbook of Language Socialization},
  publisher={Malden, MA: Wiley-Blackwell},
  pages={29--55},
  year={2011}
}
@incollection{brown2014interactional,
  title={The interactional context of language learning in Tzeltal},
  author={Penelope Brown},
  editor={I. Arnon and M. Casillas and C. Kurumada and B. Estigarribia},
  booktitle={Language in Interaction: Studies in Honor of Eve V. Clark},
  publisher={Amsterdam, NL: John Benjamins},
  pages={51â€“-82},
  year={2014}
}
@incollection{brown2014language,
  title={Language acquisition and language socialization},
  author={Penelope Brown and Suzanne Gaskins},
  editor={N. J. Enfield and P. Kockelman and J. Sidnell},
  booktitle={Handbook of Linguistic Anthropology},
  publisher={Cambridge, UK: Cambridge University Press},
  pages={183-222},
  year={2014}
}
@article{vogt2015communicative,
  title={Communicative intentions of child-directed speech in three different learning environments: Observations from the Netherlands, and rural and urban Mozambique},
  author={Vogt, Paul and Mastin, J. Douglas and Schots, Diede M. A.},
  journal={First Language},
  volume={35},
  number={4-5},
  pages={341--358},
  year={2015},
  publisher={SAGE Publications: London, UK}
}
@article{scaffIPlanguage,
  title={Language Input in a hunter-forager population: Estimations from daylong recordings},
  author={Camila Scaff and Jonathan Stieglitz and Marisa Casillas and Alejandrina Cristia},
  journal={},
  volume={},
  number={},
  pages={},
  year={in preparation},
  publisher={}
}
@article{demuth2010three,
  title={3-year-olds' comprehension, production, and generalization of {S}esotho passives},
  author={Katherine Demuth and Francina Moloi and Malillo Machobane},
  journal={Cognition},
  volume={115},
  number={2},
  pages={238--251},
  year={2010},
  doi={}
}
@article{barrett2013early,
  title={Early false-belief understanding in traditional non-{W}estern societies},
  author={{H. Clark} Barrett and Tanya Broesch and Rose M. Scott and Zijing He and Ren\'{e}e Baillargeon and Di Wu and Matthias Bolz and Joseph Henrich and Peipei Setoh and Jianxin Wang and and Stephen Laurence},
  journal={Proceedings of the Royal Society B: Biological Sciences},
  volume={280},
  number={1755},
  pages={XX--XX},
  year={2013},
  doi={10.1098/rspb.2012.2654}
}
@article{hernik2018infant,
  title={Infant gaze following depends on communicative signals: An eye-tracking study of 5- to 7-month-olds in {V}anuatu},
  author={Mikolaj Hernik and Tanya Broesch},
  journal={Developmental Science},
  volume={XX},
  number={},
  pages={XX--XX},
  year={2018},
  doi={10.1111/desc.12779}
}
@article{ganek2018using,
  title={Using the {L}anguage {EN}vironment Analysis ({LENA}) system to investigate cultural differences in conversational turn count},
  author={Hillary Ganek and Ron Smyth and Stephanie Nixon and Alice Eriks-Brophy},
  journal={Journal of Speech, Language, and Hearing Research},
  volume={61},
  number={},
  pages={2246--2258},
  year={2018},
  doi={10.1044/2018_JSLHR-L-17-0370}
}
@article{garcia2018thematic,
  title={Thematic role assignment in the {L1} acquisition of {T}agalog: Use of word order and morphosyntactic markers},
  author={Rowena Garcia and Jens Roeser and Barbara H\"{o}hle},
  journal={Language Acquisition},
  volume={XX},
  number={},
  pages={XX--XX},
  year={2018},
  publisher={},
  doi={10.1080/10489223.2018.1525613}
}
@article{mastin2016infant,
	author={J. Douglas Mastin and Paul Vogt},
	title={Infant engagement and early vocabulary development: A naturalistic observation study of {M}ozambican infants from 1;1 to 2;1},
  journal={Journal of Child Language},
  year={2016},
  volume={43},
  issue={2},
  pages={235--264},
  doi={0.1017/S0305000915000148}
}
@article{brown1998conversational,
	author={Penelope Brown},
	title={Conversational structure and language acquisition: The role of repetition in Tzeltal adult and child speech},
  journal={Journal of Linguistic Anthropology},
  year={1998},
  volume={2},
  pages={197--221},
  doi={10.1525/jlin.1998.8.2.197}
}
@incollection{brownIPchildrearing,
  title={Childrearing through social interaction on Rossel Island, PNG},
  author={Penelope Brown and Marisa Casillas},
  year={in press},
  publisher={New York, NY: Berghahn},
  editor={A. J. Fentiman and M. Goody},
  booktitle={Esther Goody revisited: Exploring the legacy of an original inter-disciplinarian},
  pages={XX--XX}
}
@incollection{brown1997isolating,
  title={Isolating the CVC root in Tzeltal Mayan: A study of children's first verbs},
  author={Penelope Brown},
  year={1997},
  publisher={Stanford, CA: CSLI Publications/University of Chicago Press},
  editor={Clark, E. V.},
  booktitle={Proceedings of the 28th Annual Child Language Research Forum},
  pages={41--52}
}
@incollection{brown1998early,
  title={Early Tzeltal verbs: Argument structure and argument representation},
  author={Penelope Brown},
  year={1998},
  publisher={Stanford, CA: CSLI Publications},
  editor={Clark, E. V.},
  booktitle={Proceedings of the 29th Annual Stanford Child Language Research Forum},
  pages={129--140}
}
@article{brown1998childrens,
	author={Penelope Brown},
	title={Children's first verbs in Tzeltal: Evidence for an early verb category},
  journal={Linguistics},
  year={1998},
  volume={36},
  number={4},
  pages={713--753}
}
@article{fortierURadhoc,
	author={Fortier, Martin E. and Kellier, Danielle and Fern\'{a}ndez Flecha, Maria and Frank, Michael C.},
	title={Ad-hoc pragmatic implicatures among {S}hipibo-{K}onibo children in the {P}eruvian {A}mazon},
  journal={},
  year={under review},
  volume={},
  pages={},
  doi={10.31234/osf.io/x7ad9}
}
@article{liszkowski2012prelinguistic,
  title={A prelinguistic gestural universal of human communication},
  author={Liszkowski, Ulf and Brown, Penelope and Callaghan, Tara and Takada, Akira and De Vos, Connie},
  journal={Cognitive Science},
  volume={36},
  number={4},
  pages={698--713},
  year={2012},
  publisher={Wiley Online Library}
}
@incollection{lieven1994crosslinguistic,
  title={Crosslinguistic and crosscultural aspects of language addressed to children},
  author={Lieven, Elena V. M.},
  editor={C. Gallaway and B. J. Richards},
  booktitle={Input and Interaction in Language Acquisition},
  publisher={New York, NY, US: Cambridge University Press},
  pages={56-73},
  year={1994},
  doi={10.1017/CBO9780511620690.005}
}
@article{nielsen2017persistent,
  title={The persistent sampling bias in developmental psychology: A call to action},
  author={Nielsen, Mark and Haun, Daniel and K\"{a}rtner, Joscha and Legare, Cristine H.},
  journal={Journal of Experimental Child Psychology},
  volume={162},
  pages={31--38},
  year={2017},
}
@incollection{deleon2011language,
  title={Language Socialization and Multiparty Participation Frameworks},
  author={de Le\'{o}n, Lourdes},
  editor={A. Duranti and E. Ochs and and B.B. Schieffelin},
  booktitle={Handbook of Language Socialization},
  publisher={Malden, MA: Wiley-Blackwell},
  pages={81--111},
  year={2011},
  doi={10.1002/9781444342901.ch4}
}
@article{pye1986quiche,
  title={Quich{\'e} {M}ayan speech to children},
  author={Pye, Clifton},
  journal={Journal of Child Language},
  volume={13},
  number={1},
  pages={85--100},
  year={1986},
  publisher={Cambridge University Press}
}
@book{pye2017comparative,
  title={The Comparative Method of Language Acquisition Research},
  author={Pye, Clifton},
  year={2017},
  publisher={University of Chicago Press}
}
@article{rogoff2003firsthand,
  title={Firsthand learning through intent participation},
  author={Rogoff, Barbara and Paradise, Ruth and Arauz, Rebeca Mej\'{i}a and Correa-Ch\'{a}vez, Maricela and Angelillo, Cathy},
  journal={Annual Review of Psychology},
  volume={54},
  number={1},
  pages={175--203},
  year={2003},
  doi={10.1146/annurev.psych.54.101601.145118}
}
@article{salomo2013sociocultural,
  title={Sociocultural settings influence the emergence of prelinguistic deictic gestures},
  author={Salomo, Dorothe and Liszkowski, Ulf},
  journal={Child development},
  volume={84},
  number={4},
  pages={1296--1307},
  year={2013},
  publisher={Wiley Online Library}
}
@incollection{gaskins2006cultural,
  title={Cultural perspectives on infantâ€“caregiver interaction},
  author={Suzanne Gaskins},
  editor={N. J. Enfield and S.C. Levinson},
  booktitle={Roots of human sociality: Culture, cognition and interaction},
  publisher={Oxford: Berg},
  pages={279â€“-298},
  year={2006}
}
@article{rogoff1993guided,
  title={Guided participation in cultural activity by toddlers and caregivers},
  author={Rogoff, Barbara and Mistry, Jayanthi and G\"{o}nc\"{u}, Artin and Mosier, Christine and Chavajay, Pablo and Heath, Shirley Brice},
  journal={Monographs of the Society for Research in Child Development},
  year={1993},
  publisher={JSTOR}
}
@article{gaskins1996how,
  title={How {M}ayan parental theories come into play},
  author={Gaskins, Suzanne},
  editor={Harkness, Sara and Super, Charles M.},
  journal={Parents' cultural belief systems: Their origins, expressions, and consequences},
  pages={345--363},
  year={1996},
  publisher={Guilford Press New York}
}
@article{broesch2016similarities,
  title={Similarities and differences in maternal responsiveness in three societies: Evidence from {F}iji, {K}enya, and the {U}nited {S}tates},
  author={Broesch, Tanya and Rochat, Philippe and Olah, Kata and Broesch, James and Henrich, Joseph},
  journal={Child Development},
  volume={87},
  number={3},
  pages={700--711},
  year={2016},
  publisher={Wiley Online Library}
}
@article{deleon1998emergent,
  title={The emergent participant: Interactive patterns in the socialization of {T}zotzil ({M}ayan) infants},
  author={de Le\'{o}n, Lourdes},
  journal={Journal of Linguistic Anthropology},
  volume={8},
  number={2},
  pages={131--161},
  year={1998},
  publisher={Wiley Online Library}
}
@incollection{gaskins1999childrens,
  title={Childrenâ€™s daily lives in a {M}ayan village: A case study of culturally constructed roles and activities},
  author={Gaskins, Suzanne},
  booktitle={Children's engagement in the world: Sociocultural perspectives},
  pages={25--60},
  year={1999},
  editor={G\"{o}nc\"{u}, Artin},
  publisher={Oxford: Berg},
}
@article{casillasIPtrajectory,
  title={The trajectory of early verbal development for children acquiring Tseltal},
  author={Casillas, Marisa},
  journal={XX},
  volume={XX},
  pages={XX--XX},
  year={in progress}
}
@journal{cristia2018talker,
  title={Talker diarization in the wild: The case of child-centered daylong audio-recordings},
  author={Cristia, Alejandrina, Ganesh, Shiobhana, Casillas, Marisa, & Ganapathy, Sriram},
  journal={Proceedings of Interspeech 2018},
  pages={2583--2587},
  year={2018},
  doi={doi:10.21437/Interspeech.2018-2078}
}










@inproceedings{abney2017time,
	author={Abney, Drew H. and Smith, Linda B. and Yu, Chen},
	title={It's time: Quantifying the relevant time scales for joint attention},
  year={2017},
  editor={Glenn Gunzelmann and Andrew Howes and Thora Tenbrink and Eddy Davelaar},
  booktitle={Proceedings of the 39th Annual Meeting of the Cognitive Science Society},
  location={London, UK},
  pages={1489--1494},
}
@article{abney2018bursts,
	author={Abney, Drew H. and Dale, Rick and Louwerse, Max M. and Kello, Christopher T.},
	title={The bursts and lulls of multimodal interaction: Temporal distributions of behavior reveal differences between verbal and non-verbal communication},
  journal={Cognitive Science},
  year={2018},
  volume={XX},
  pages={XX--XX},
  doi={10.1111/cogs.12612}
}
@article{blasiIPhuman,
	author={Blasi, Dami\'{a}n and Schikowski, Robert and Moran, Steven and Pfeiler, Barbara and Stoll, Sabine},
	title={Human communication is structured efficiently for first language learners: Lexical spikes},
  journal={},
  year={in preparation},
  volume={},
  pages={},
  doi={}
}
@article{fusaroli2014synergy,
	author={Fusaroli, R. and Razczaszek-Leonardi, J. and Tyl\'{e}n, K.},
	title={Dialog as interpersonal synergy},
  journal={New Ideas in Psychology},
  year={2014},
  volume={32},
  pages={147--157},
  doi={10.1016/j.newideapsych.2013.03.005}
}
@article{childers2002two,
	author={Childers, Jane B. and Tomasello, Michael},
	title={Two-year-olds learn novel nouns, verbs, and conventional actions from massed or distributed exposures},
  journal={Developmental Psychology},
  year={2002},
  volume={38},
  issue={6},
  pages={967--978},
  doi={10.1037//0012-1649.38.6.967}
}
@article{schwab2016repetition,
  title={Repetition across successive sentences facilitates young childrenâ€™s word learning.},
  author={Schwab, Jessica F. and Lew-Williams, Casey},
  journal={Developmental Psychology},
  volume={52},
  number={6},
  pages={879--886},
  year={2016},
  publisher={American Psychological Association}
}
@article{ambridge2006distributed,
  title={The distributed learning effect for children's acquisition of an abstract syntactic construction},
  author={Ambridge, Ben and Theakston, Anna L. and Lieven, Elena V. M. and Tomasello, Michael},
  journal={Cognitive Development},
  volume={21},
  number={2},
  pages={174--193},
  year={2006},
  publisher={Elsevier}
}
@article{kuchirko2017becoming,
  title={Becoming a communicative partner: Infant contingent responsiveness to maternal language and gestures},
  author={Kuchirko, Yana and Tafuro, Lisa and Tamis-LeMonda, Catherine S.},
  journal={Infancy},
  volume={23},
  number={4},
  pages={558--576},
  year={2018},
  publisher={Wiley Online Library}
}









@article{hilbrink2015early,
	author={Elma Hilbrink and Merideth Gattis and Stephen C. Levinson},
	title={Early developmental changes in the timing of turn-taking: A longitudinal study of motherâ€“infant interaction},
  journal={Frontiers in Psychology},
  year={2015},
  volume={6:1492},
  pages={1--12},
}
@article{casillas2016turn,
	author={Marisa Casillas and Susan C. Bobb and Eve V. Clark},
	title={Turn taking, timing, and planning in early language acquisition},
  journal={Journal of Child Language},
  year={2016},
  volume={43},
  pages={1310--1337},
}
@article{vanegeren2001mother,
	author={van Egeren, Laurie A. and Barratt, Marguerite S. and Roach, Mary A.},
	title={Mother-infant responsiveness: Timing, mutual regulation, and interactional context},
  journal={Developmental Psychology},
  year={2001},
  volume={37},
  number={5},
  pages={684--697},
}
@article{bornstein2015mother,
  title={Mother-infant contingent vocalizations in 11 countries},
  author={Bornstein, Marc H. and Putnick, Diane L. and Cote, Linda R. and Haynes, O. Maurice and Suwalsky, Joan T. D.},
  journal={Psychological Science},
  volume={26},
  number={8},
  pages={1272--1284},
  year={2015},
  publisher={Sage Publications Sage CA: Los Angeles, CA}
}
@article{romeo2018beyond,
  title={Beyond the 30-Million-Word Gap: Childrenâ€™s Conversational Exposure Is Associated With Language-Related Brain Function},
  author={Romeo, Rachel R and Leonard, Julia A and Robinson, Sydney T and West, Martin R and Mackey, Allyson P. and Rowe, Meredith L. and Gabrieli, John D. E.},
  journal={Psychological science},
  volume={29},
  number={5},
  pages={700--710},
  year={2018},
  publisher={SAGE Publications Sage CA: Los Angeles, CA}
}








@article{lieven1997lexically,
  title={Lexically-based learning and early grammatical development},
  author={Lieven, Elena V. M. and Pine, Julian M. and Baldwin, Gillian},
  journal={Journal of Child Language},
  volume={24},
  number={1},
  pages={187--219},
  year={1997},
  publisher={Cambridge University Press}
}
@article{goldberg2003constructions,
  title={Constructions: A new theoretical approach to language},
  author={Goldberg, Adele E},
  journal={Trends in Cognitive Sciences},
  volume={7},
  number={5},
  pages={219--224},
  year={2003},
  publisher={Elsevier}
}
@article{arnold2004avoiding,
  title={Avoiding attachment ambiguities: The role of constituent ordering},
  author={Arnold, Jennifer E and Wasow, Thomas and Asudeh, Ash and Alrenga, Peter},
  journal={Journal of Memory and Language},
  volume={51},
  number={1},
  pages={55--70},
  year={2004},
  publisher={Elsevier}
}
@incollection{bates1999emergence,
  title={On the emergence of grammar from the lexicon},
  author={Bates, Elizabeth and Goodman, Judith C.},
  booktitle={The Emergence of Language},
  pages={29--80},
  year={1999},
  publisher={Mahwah, NJ: Lawrence Erlbaum}
}
@article{marchman2004language,
  title={The language-specific nature of grammatical development: Evidence from bilingual language learners},
  author={Marchman, Virginia A. and Mart\'{i}nez-Sussmann, Carmen and Dale, Philip S.},
  journal={Developmental Science},
  volume={7},
  number={2},
  pages={212--224},
  year={2004},
  publisher={Wiley Online Library}
}
@article{wasow1997remarks,
  title={Remarks on grammatical weight},
  author={Wasow, Thomas},
  journal={Language Variation and Change},
  volume={9},
  number={1},
  pages={81--105},
  year={1997},
  publisher={Cambridge University Press}
}
@article{brinchmann2019direct,
  title={Is there a direct relation between the development of vocabulary and grammar?},
  author={Brinchmann, Ellen Ir\'{e}n and Braeken, Johan and Lyster, Solveig-Alma Halaas},
  journal={Developmental Science},
  volume={22},
  number={1},
  pages={e12709},
  year={2019}
}
@incollection{newport1977mother,
  title={Mother, I'd rather do it myself: some effects and non-effects of maternal speech style},
  author={Newport, Elissa L. and Gleitman, Henry and Gleitman, Lila R.},
  booktitle={Talking to children: Language input and interaction},
  editor={Snow, Catherine E. and Ferguson, Charles A.},
  year={1977},
  pages={109--150},
  publisher={Cambridge, UK: Cambridge University Press}
}
@incollection{brown1997introduction,
  title={Introduction},
  author={Roger Brown},
  booktitle={Talking to children: Language input and interaction},
  editor={Snow, Catherine E. and Ferguson, Charles A.},
  year={1977},
  pages={1--30},
  publisher={Cambridge, UK: Cambridge University Press}
}
@article{chouinard2003adult,
  title={Adult reformulations of child errors as negative evidence},
  author={Chouinard, Michelle M. and Clark, Eve V.},
  journal={Journal of Child Language},
  volume={30},
  number={3},
  pages={637--669},
  year={2003},
  publisher={Cambridge University Press}
}
@incollection{aslin1996models,
  title={Models of word segmentation in fluent maternal speech to infants},
  author={Aslin, Richard N. and Woodward, Julide Z. and LaMendola, Nicholas P. and Bever, Thomas G.},
  booktitle={Signal to Syntax: Bootstrapping from Speech to Grammar in Early Acquisition},
  editor={Morgan, James L. and Demuth, Katherine},
  year={1996},
  pages={117--134},
  publisher={New York, NY: Psychology Press}
}
@article{yurovsky2018communicative,
  title={A communicative approach to early word learning},
  author={Yurovsky, Daniel},
  journal={New Ideas in Psychology},
  volume={50},
  pages={73--79},
  year={2018},
  publisher={Elsevier}
}
@article{bates1997inseparability,
  title={On the inseparability of grammar and the lexicon: Evidence from acquisition, aphasia, and real-time processing},
  author={Bates, Elizabeth and Goodman, Judith C.},
  journal={Language and Cognitive Processes},
  volume={12},
  number={5--6},
  pages={507--584},
  year={1997},
  publisher={Elsevier},
  doi={doi.org/10.1080/016909697386628}
}







@article{kuhl2004early,
  title={Early language acquisition: cracking the speech code},
  author={Kuhl, Patricia K},
  journal={Nature reviews neuroscience},
  volume={5},
  number={11},
  pages={831},
  year={2004},
  publisher={Nature Publishing Group}
}
@article{warlaumont2016learning,
  title={Learning to produce syllabic speech sounds via reward-modulated neural plasticity},
  author={Warlaumont, Anne S. and Finnegan, Megan K.},
  journal={PloS one},
  volume={11},
  number={1},
  pages={e0145096},
  year={2016},
  publisher={Public Library of Science}
}
@article{warlaumont2014social,
  title={A social feedback loop for speech development and its reduction in {A}utism},
  author={Warlaumont, Anne S. and Richards, Jeffrey A. and Gilkerson, Jill and Oller, D. Kimbrough},
  journal={PloS one},
  volume={11},
  number={1},
  pages={e0145096},
  year={2016},
  publisher={Public Library of Science}
}
@article{oller2016vocal,
  title={Vocal development as a guide to modeling the evolution of language},
  author={Oller, D. Kimbrough and Griebel, Ulrike and Warlaumont, Anne S.},
  journal={Topics in Cognitive Science},
  volume={8},
  pages={382-392},
  year={2016},
  doi={DOI:10.1111/tops.12198}
}
@incollection{oller1980emergence,
  title={The emergence of the sounds of speech in infancy},
  author={Oller, D. Kimbrough},
  editor={Yeni-Komshian, G. H. and Kavanagh, J. F. and Ferguson, C. A.},
  booktitle={Child Phonology, Volume 1: Production},
  pages={93--112},
  year={1980},
  publisher={New York, NY: Academic Press}
}
@article{pine1993reanalysing,
  title={Reanalysing rote-learned phrases: individual differences in the transition to multi-word speech},
  author={Fine, Julian M. and Lieven, Elena V. M.},
  journal={Journal of Child Language},
  pages={551--571},
  year={1993}
}
@incollection{tomasello1999early,
  title={Early syntactic development: A Construction Grammar approach},
  author={Tomasello, Michael and Brooks, Patricia J.},
  editor={Martyn Barrett},
  booktitle={The Development of Language},
  pages={161--190},
  year={1999},
  publisher={London, UK: Psychology Press}
}
@article{braine1976childrens,
  title={Children's first word combinations},
  author={Braine, Martin D. S. and Bowerman, Melissa},
  journal={Monographs of the Society for Research in Child Development},
  pages={1--104},
  year={1976},
  publisher={JSTOR}
}
@incollection{slobin1970universals,
  title={Universals of grammatical development in children},
  author={Slobin, Daniel I.},
  editor={Flores d'Arcais, G. B. and Levelt, W. J. M.},
  booktitle={Advances in Psycholinguistics},
  pages={174--186},
  year={1970},
  publisher={Amsterdam, NL: North Holland Publishing}
}








@Manual{R-base,
  title = {R: A Language and Environment for Statistical Computing},
  author = {{R Core Team}},
  organization = {R Foundation for Statistical Computing},
  address = {Vienna, Austria},
  year = {2018},
  url = {https://www.R-project.org/},
}
@Manual{R-papaja,
  author = {Frederik Aust and Marius Barth},
  title = {{papaja}: {Create} {APA} manuscripts with {R Markdown}},
  year = {2018},
  note = {R package version 0.1.0.9709},
  url = {https://github.com/crsh/papaja},
}
@Book{R-ggplot2,
  author = {Hadley Wickham},
  title = {ggplot2: Elegant Graphics for Data Analysis},
  publisher = {Springer-Verlag New York},
  year = {2009},
  isbn = {978-0-387-98140-6},
  url = {http://ggplot2.org},
}
@Manual{R-tidyverse,
  title = {tidyverse: Easily Install and Load the 'Tidyverse'},
  author = {Hadley Wickham},
  year = {2017},
  note = {R package version 1.2.1},
  url = {https://CRAN.R-project.org/package=tidyverse},
}
@Manual{R-viridis,
  title = {viridis: Default Color Maps from 'matplotlib'},
  author = {Simon Garnier},
  year = {2018},
  note = {R package version 0.5.1},
  url = {https://CRAN.R-project.org/package=viridis},
}
@Article{R-glmmTMB,
  author = {Mollie E. Brooks and Kasper Kristensen and Koen J. {van Benthem} and Arni Magnusson and Casper W. Berg and Anders Nielsen and Hans J. Skaug and Martin M"{a}chler and Benjamin M. Bolker},
  title = {{glmmTMB} Balances Speed and Flexibility Among Packages for Zero-inflated Generalized Linear Mixed Modeling},
  year = {2017},
  journal = {The R Journal},
  url = {https://journal.r-project.org/archive/2017/RJ-2017-066/index.html},
  pages = {378--400},
  volume = {9},
  number = {2}
}
@Article{brooks2017modeling,
  author = {Mollie E. Brooks and Kasper Kristensen and Koen J. {van Benthem} and Arni Magnusson and Casper W. Berg and Anders Nielsen and Hans J. Skaug and Martin M\"{a}chler and Benjamin M. Bolker},
  title = {Modeling zero-inflated count data with glmmTMB},
  year = {2017},
  doi = {10.1101/132753},
  journal = {bioRxiv},
  publisher = {Cold Spring Harbor Laboratory},
  URL = {https://www.biorxiv.org/content/early/2017/05/01/132753},
  eprint = {https://www.biorxiv.org/content/early/2017/05/01/132753.full.pdf}
}
@Book{smithson2013generalized,
  author = {Michael Smithson and {Edgar C.} Merkle},
  title = {Generalized Linear Models for Categorical and Continuous Limited Dependent Variables},
  publisher = {CRC Press: Boca Raton},
  year = {2013},
  isbn = {978-1-4665-5173-2},
}
@inproceedings{ELAN,
  author={Wittenburg, Peter and Brugman, Hennie and Russel, Albert and Klassmann, Alex and Sloetjes, Han},
  title={Elan: A Professional Framework for Multimodality Research},
  booktitle={Proceedings of the Fifth International Conference on Language Resources and Evaluation},
  year={2006}
}
@MISC{HomeBank,
  author = {VanDam, Mark and Warlaumont, Anne S. and Bergelson, Elika and Cristia, Alejandrina and {De Palma}, Paul and MacWhinney, Brian},
  title = {HomeBank: An Online Repository of Daylong Child-Centered Audio Recordings},
  journal = {Seminars in Speech and Language},
  year = {2016}
}
@MISC{Casillas-HB,
  author={Marisa Casillas and Penelope Brown and Stephen C. Levinson},
  title={Casillas {HomeBank} Corpus},
  year={2017},
  note={doi:10.21415/T51X12}
}@Manual{R-bbmle,
  title = {bbmle: Tools for General Maximum Likelihood Estimation},
  author = {Ben Bolker and R Development Core Team},
  year = {2017},
  note = {R package version 1.0.20},
  url = {https://CRAN.R-project.org/package=bbmle},
}@Manual{R-dplyr,
  title = {dplyr: A Grammar of Data Manipulation},
  author = {Hadley Wickham and Romain FranÃ§ois and Lionel Henry and Kirill MÃ¼ller},
  year = {2018},
  note = {R package version 0.7.5},
  url = {https://CRAN.R-project.org/package=dplyr},
}
@Manual{R-forcats,
  title = {forcats: Tools for Working with Categorical Variables (Factors)},
  author = {Hadley Wickham},
  year = {2018},
  note = {R package version 0.3.0},
  url = {https://CRAN.R-project.org/package=forcats},
}
@Manual{R-ggpirate,
  title = {ggpirate: Pirate plotting for ggplot2},
  author = {Mika Braginsky},
  note = {R package version 0.1.1},
  url = {https://github.com/mikabr/ggpirate},
}
@Manual{R-gridExtra,
  title = {gridExtra: Miscellaneous Functions for "Grid" Graphics},
  author = {Baptiste Auguie},
  year = {2017},
  note = {R package version 2.3},
  url = {https://CRAN.R-project.org/package=gridExtra},
}
@Article{R-lme4,
  title = {Fitting Linear Mixed-Effects Models Using {lme4}},
  author = {Douglas Bates and Martin M{\"a}chler and Ben Bolker and Steve Walker},
  journal = {Journal of Statistical Software},
  year = {2015},
  volume = {67},
  number = {1},
  pages = {1--48},
  doi = {10.18637/jss.v067.i01},
}
@Manual{R-Matrix,
  title = {Matrix: Sparse and Dense Matrix Classes and Methods},
  author = {Douglas Bates and Martin Maechler},
  year = {2018},
  note = {R package version 1.2-14},
  url = {https://CRAN.R-project.org/package=Matrix},
}
@Manual{R-purrr,
  title = {purrr: Functional Programming Tools},
  author = {Lionel Henry and Hadley Wickham},
  year = {2018},
  note = {R package version 0.2.5},
  url = {https://CRAN.R-project.org/package=purrr},
}
@Manual{R-readr,
  title = {readr: Read Rectangular Text Data},
  author = {Hadley Wickham and Jim Hester and Romain Francois},
  year = {2017},
  note = {R package version 1.1.1},
  url = {https://CRAN.R-project.org/package=readr},
}
@Manual{R-stringr,
  title = {stringr: Simple, Consistent Wrappers for Common String Operations},
  author = {Hadley Wickham},
  year = {2018},
  note = {R package version 1.3.1},
  url = {https://CRAN.R-project.org/package=stringr},
}
@Manual{R-tibble,
  title = {tibble: Simple Data Frames},
  author = {Kirill MÃ¼ller and Hadley Wickham},
  year = {2018},
  note = {R package version 1.4.2},
  url = {https://CRAN.R-project.org/package=tibble},
}
@Manual{R-tidyr,
  title = {tidyr: Easily Tidy Data with 'spread()' and 'gather()' Functions},
  author = {Hadley Wickham and Lionel Henry},
  year = {2018},
  note = {R package version 0.8.1},
  url = {https://CRAN.R-project.org/package=tidyr},
}
@Manual{R-viridisLite,
  title = {viridisLite: Default Color Maps from 'matplotlib' (Lite Version)},
  author = {Simon Garnier},
  year = {2018},
  note = {R package version 0.3.0},
  url = {https://CRAN.R-project.org/package=viridisLite},
}
@Manual{R-bindrcpp,
  title = {bindrcpp: An 'Rcpp' Interface to Active Bindings},
  author = {Kirill MÃ¼ller},
  year = {2018},
  note = {R package version 0.2.2},
  url = {https://CRAN.R-project.org/package=bindrcpp},
}
@Manual{R-bindrcpp,
  title = {bindrcpp: An 'Rcpp' Interface to Active Bindings},
  author = {Kirill MÃ¼ller},
  year = {2018},
  note = {R package version 0.2.2},
  url = {https://CRAN.R-project.org/package=bindrcpp},
}
@Manual{R-dplyr,
  title = {dplyr: A Grammar of Data Manipulation},
  author = {Hadley Wickham and Romain FranÃ§ois and Lionel Henry and Kirill MÃ¼ller},
  year = {2018},
  note = {R package version 0.7.5},
  url = {https://CRAN.R-project.org/package=dplyr},
}
@Manual{R-forcats,
  title = {forcats: Tools for Working with Categorical Variables (Factors)},
  author = {Hadley Wickham},
  year = {2018},
  note = {R package version 0.3.0},
  url = {https://CRAN.R-project.org/package=forcats},
}
@Manual{R-ggpirate,
  title = {ggpirate: Pirate plotting for ggplot2},
  author = {Mika Braginsky},
  note = {R package version 0.1.1},
  url = {https://github.com/mikabr/ggpirate},
}
@Manual{R-gridExtra,
  title = {gridExtra: Miscellaneous Functions for "Grid" Graphics},
  author = {Baptiste Auguie},
  year = {2017},
  note = {R package version 2.3},
  url = {https://CRAN.R-project.org/package=gridExtra},
}
@Article{R-lme4,
  title = {Fitting Linear Mixed-Effects Models Using {lme4}},
  author = {Douglas Bates and Martin M{\"a}chler and Ben Bolker and Steve Walker},
  journal = {Journal of Statistical Software},
  year = {2015},
  volume = {67},
  number = {1},
  pages = {1--48},
  doi = {10.18637/jss.v067.i01},
}
@Manual{R-Matrix,
  title = {Matrix: Sparse and Dense Matrix Classes and Methods},
  author = {Douglas Bates and Martin Maechler},
  year = {2018},
  note = {R package version 1.2-14},
  url = {https://CRAN.R-project.org/package=Matrix},
}
@Manual{R-purrr,
  title = {purrr: Functional Programming Tools},
  author = {Lionel Henry and Hadley Wickham},
  year = {2018},
  note = {R package version 0.2.5},
  url = {https://CRAN.R-project.org/package=purrr},
}
@Manual{R-readr,
  title = {readr: Read Rectangular Text Data},
  author = {Hadley Wickham and Jim Hester and Romain Francois},
  year = {2017},
  note = {R package version 1.1.1},
  url = {https://CRAN.R-project.org/package=readr},
}
@Manual{R-stringr,
  title = {stringr: Simple, Consistent Wrappers for Common String Operations},
  author = {Hadley Wickham},
  year = {2018},
  note = {R package version 1.3.1},
  url = {https://CRAN.R-project.org/package=stringr},
}
@Manual{R-tibble,
  title = {tibble: Simple Data Frames},
  author = {Kirill MÃ¼ller and Hadley Wickham},
  year = {2018},
  note = {R package version 1.4.2},
  url = {https://CRAN.R-project.org/package=tibble},
}
@Manual{R-tidyr,
  title = {tidyr: Easily Tidy Data with 'spread()' and 'gather()' Functions},
  author = {Hadley Wickham and Lionel Henry},
  year = {2018},
  note = {R package version 0.8.1},
  url = {https://CRAN.R-project.org/package=tidyr},
}
@Manual{R-viridisLite,
  title = {viridisLite: Default Color Maps from 'matplotlib' (Lite Version)},
  author = {Simon Garnier},
  year = {2018},
  note = {R package version 0.3.0},
  url = {https://CRAN.R-project.org/package=viridisLite},
}
@Manual{R-DHARMa,
  title = {DHARMa: Residual Diagnostics for Hierarchical (Multi-Level / Mixed)
Regression Models},
  author = {Florian Hartig},
  year = {2018},
  note = {R package version 0.2.0},
  url = {https://CRAN.R-project.org/package=DHARMa},
}
@Book{R-knitr,
  title = {Dynamic Documents with {R} and knitr},
  author = {Yihui Xie},
  publisher = {Chapman and Hall/CRC},
  address = {Boca Raton, Florida},
  year = {2015},
  edition = {2nd},
  note = {ISBN 978-1498716963},
  url = {https://yihui.name/knitr/},
}
